% Encoding: UTF-8

@article{闵卫东1995二维任意域内点集的Delaunay三角划分生成算法,
author={闵卫东 and 唐泽圣},
title={ 二维任意域内点集的Delaunay 三角划分生成算法 },
journal={计算机学报},
year={1995},
volume={18},
number={5},
pages={365-371},
month={1},
}
@inproceedings{edelsbrunner2000smoothing,
  title={Smoothing and cleaning up slivers},
  author={Edelsbrunner, Herbert and Li, Xiang-Yang and Miller, Gary and Stathopoulos, Andreas and Talmor, Dafna and Teng, Shang-Hua and {\"U}ng{\"o}r, Alper and Walkington, Noel},
  booktitle={Proceedings of the thirty-second annual ACM symposium on Theory of computing},
  pages={273--277},
  year={2000}
}
@article{eberly2008triangulation,
  title={Triangulation by ear clipping},
  author={Eberly, David},
  journal={Geometric Tools},
  pages={2002--2005},
  year={2008},
  publisher={Citeseer}
}
@article{lee1980two,
  title={Two algorithms for constructing a Delaunay triangulation},
  author={Lee, Der-Tsai and Schachter, Bruce J},
  journal={International Journal of Computer \& Information Sciences},
  volume={9},
  number={3},
  pages={219--242},
  year={1980},
  publisher={Springer}
}
@inproceedings{chew1987constrained,
  title={Constrained delaunay triangulations},
  author={Chew, L Paul},
  booktitle={Proceedings of the third annual symposium on Computational geometry},
  pages={215--222},
  year={1987}
}
@article{delaunay6sphere,
  title={Sur la sph{\`e}re vide. A la m{\'e}moire de Georges Vorono},
  author={Delaunay, Boris},
  journal={Bulletin de l'Acad{\'e}mie des Sciences de l'URSS. Classe des sciences math{\'e}matiques et naturelles},
  volume={6},
  pages={793}
}
@article{陈学工2011一种基于最小搜索圆平面多边形域约束Delaunay三角剖分算法,  
author={陈学工 and 马金金 and 黄伟 and 李楠}, 
title={一种基于最小搜索圆平面多边形域约束Delaunay三角剖分算法}, 
journal={小型微型计算机系统}, 
year={2011}, 
volume={32}, 
number={2}, 
pages={374-378}, 
month={1}, 
}
@article{王中辉2011带约束折线的平面散点集Delaunay三角剖分,
author={王中辉 and 闫浩文},
title={ 带约束折线的平面散点集Delaunay三角剖分 },
journal={测绘与空间地理信息},
year={2011},
volume={34},
number={1},
pages={46-47,52},
month={1},
}

@article{金文华1999简单多边形可见点问题的快速求解算法,
  title={简单多边形可见点问题的快速求解算法},
  author={金文华 and 何涛 and 唐卫清 and 唐荣锡 and 刘慎权},
  journal={计算机学报},
  volume={22},
  number={3},
  pages={275--282},
  year={1999}
}

@article{李立新1999约束,
  title={约束 Delaunay 三角剖分中强行嵌入约束边的多对角线交换算法},
  author={李立新 and 谭建荣},
  journal={计算机学报},
  volume={22},
  number={10},
  pages={1114--1118},
  year={1999}
}
@article{刘学军2001三角网数字地面模型的理论,
  title={三角网数字地面模型的理论, 方法现状及发展},
  author={刘学军 and 符锌砂},
  journal={长沙交通学院学报},
  volume={17},
  number={2},
  pages={24--31},
  year={2001}
}
@article{秦绪佳2002医学图像三维重建模型的剖切与立体视窗剪裁,
  title={医学图像三维重建模型的剖切与立体视窗剪裁},
  author={秦绪佳 and 欧宗瑛 and 侯建华},
  journal={计算机辅助设计与图形学学报},
  volume={14},
  number={3},
  pages={275--279},
  year={2002}
}
@inproceedings{10.1145/41958.41960,
author = {Hershberger, J.},
title = {Finding the Visibility Graph of a Simple Polygon in Time Proportional to Its Size},
year = {1987},
isbn = {0897912314},
publisher = {Association for Computing Machinery},
address = {New York, NY, USA},
url = {https://doi.org/10.1145/41958.41960},
doi = {10.1145/41958.41960},
abstract = {Let P be a given simple polygon with n sides. The visibility graph of P has an edge between every pair of polygon vertices that can be connected by an open segment in the interior of P. We describe an algorithm that finds the visibility graph of P in Ο(m + n log log n) time, where m is the number of edges in the visibility graph. Because m can be as small as Ο(n), the algorithm improves on the more general visibility algorithms of Asano et al. [AAGHI] and Welzl [W], which take Θ(n2) time.},
booktitle = {Proceedings of the Third Annual Symposium on Computational Geometry},
pages = {11–20},
numpages = {10},
location = {Waterloo, Ontario, Canada},
series = {SCG '87}
}